% This file was created with JabRef 2.9.2.
% Encoding: MacRoman

@ELECTRONIC{ErlangVxWorks,
  author = {Ericsson AB},
  year = {1997},
  title = {Erlang Embedded Systems User's Guide},
  address = {http://www.erlang.org/documentation/doc-5.8.2/doc/embedded/vxworks.html},
  owner = {Studnicki},
  timestamp = {2013.11.03}
}

@PHDTHESIS{armstrong2003making,
  author = {Armstrong, Joe},
  title = {Making reliable distributed systems in the presence of software errors},
  school = {KTH},
  year = {2003},
  citation_identifier = {Armstrong 2003},
  doi = {1651-4076},
  endnote_reference_number = {1},
  publicationstatus = {Unknown},
  uuid = {40BB39CC-4EC9-4BD2-89D3-D10D0C5180D8},
  web_data_source = {Google Scholar}
}

@ARTICLE{ertl2003structure,
  author = {Ertl, M. Anton and Gregg, David},
  title = {The structure and performance of efficient interpreters},
  journal = {Journal of Instruction-Level Parallelism},
  year = {2003},
  volume = {5},
  pages = {1-25},
  citation_identifier = {Ertl 2003},
  publicationstatus = {Unknown},
  uuid = {51E0D7E9-A003-4040-AD13-8C2534347C75},
  web_data_source = {Google Scholar}
}

@MISC{Gray85whydo,
  author = {Jim Gray},
  title = {Why Do Computers Stop And What Can Be Done About It?},
  year = {1985}
}

@ARTICLE{ierusalimschy2005implementation,
  author = {Ierusalimschy, Roberto and De Figueiredo, Luiz Henrique and Celes
	Filho, Waldemar},
  title = {The Implementation of Lua 5.0.},
  journal = {J. UCS},
  year = {2005},
  volume = {11},
  pages = {1159-1176},
  number = {7},
  citation_identifier = {Ierusalimschy 2005},
  publicationstatus = {Unknown},
  uuid = {EA6E0801-4D11-4BCF-B9E3-DD59A1DBE298},
  web_data_source = {Google Scholar}
}

@TECHREPORT{johansson1999hipe,
  author = {Johansson, Erik and Nystr\"{o}m, Sven-Olof -. O. and Pettersson,
	Mikael and Sagonas, Konstantinos},
  title = {HiPE: High Performance Erlang},
  institution = {Citeseer},
  year = {1999},
  citation_identifier = {Johansson 1999},
  publicationstatus = {Unknown},
  uuid = {8F6532ED-6B32-47F9-941F-A6F2C44CAD6B},
  web_data_source = {Google Scholar}
}

@ARTICLE{morrison1985ea,
  author = {Morrison, J.},
  title = {Ea iff 85: Standard for interchange format files},
  journal = {Amiga ROM Kernel Reference Manual: Devices (3rd edition), Addison-Wesley},
  year = {1985},
  volume = {1},
  pages = {1},
  number = {99},
  citation_identifier = {Morrison 1985},
  publicationstatus = {Unknown},
  uuid = {E39F94B0-F1E2-41F1-B2A9-AA587F31D3F8},
  web_data_source = {Google Scholar}
}

@ARTICLE{parr2010language,
  author = {Parr, Terence},
  title = {Language Implementation Patterns: Create Your Own Domain-Specific
	and General Programming Languages (Pragmatic Programmers)},
  year = {2010},
  citation_identifier = {Parr 2010},
  publicationstatus = {Unknown},
  publisher = {Pragmatic Bookshelf},
  uuid = {1E3FC2BA-E221-4727-9712-69764CD5BCBB},
  web_data_source = {Google Scholar}
}

@ARTICLE{,
  author = {Stritzinger, Peer},
  title = {Full Metal Erlang},
  journal = {Erlang User Conference 2013, Stockholm},
  year = {2013},
  citation_identifier = {Stritzinger 2013},
  description = {Erlang User Conference 2013, Stockholm},
  publicationstatus = {Unknown},
  url = {http://www.erlang-factory.com/conference/ErlangUserConference2013/speakers/PeerStritzinger},
  uuid = {EF8FC1E7-F5E4-4BB8-A632-7AEB3E6C8C0B}
}

