@article{parr2010language,
	author = {Parr, Terence},
	title = {Language Implementation Patterns: Create Your Own Domain-Specific and General Programming Languages (Pragmatic Programmers)},
	journal = {},
	uuid = {1E3FC2BA-E221-4727-9712-69764CD5BCBB},
	publisher = {Pragmatic Bookshelf},
	year = {2010},
	url = {},
	Web_data_source = {Google Scholar},
	Citation_identifier = {Parr 2010},
	publicationStatus = {Unknown}
}
@phdthesis{armstrong2003making,
	author = {Armstrong, Joe},
	title = {Making reliable distributed systems in the presence of software errors},
	uuid = {40BB39CC-4EC9-4BD2-89D3-D10D0C5180D8},
	school = {KTH},
	year = {2003},
	doi = {1651-4076},
	url = {},
	EndNote_reference_number = {1},
	Web_data_source = {Google Scholar},
	Citation_identifier = {Armstrong 2003},
	publicationStatus = {Unknown}
}
@unpublished{Stritzinger::2013,
	author = {Stritzinger, Peer},
	uuid = {EF8FC1E7-F5E4-4BB8-A632-7AEB3E6C8C0B},
	month = {6},
	year = {2013},
	url = {http://www.erlang-factory.com/conference/ErlangUserConference2013/speakers/PeerStritzinger},
	publicationStatus = {Unknown},
	Description = {Erlang User Conference 2013, Stockholm},
	Citation_identifier = {Stritzinger 2013},
	notes = {}
}
@article{morrison1985ea,
	author = {Morrison, J.},
	title = {Ea iff 85: Standard for interchange format files},
	journal = {A miga ROM   e r ne l R e f e r ence M a n ual: D e vi ce s (3 r d e d i t i on), Addison-Wesley},
	uuid = {E39F94B0-F1E2-41F1-B2A9-AA587F31D3F8},
	volume = {1},
	number = {99},
	pages = {1},
	year = {1985},
	url = {},
	Web_data_source = {Google Scholar},
	Citation_identifier = {Morrison 1985},
	publicationStatus = {Unknown}
}
@techreport{johansson1999hipe,
	author = {Johansson, Erik  and Nystr\"{o}m, Sven-Olof -. O. and Pettersson, Mikael  and Sagonas, Konstantinos},
	title = {HiPE: High Performance Erlang},
	uuid = {8F6532ED-6B32-47F9-941F-A6F2C44CAD6B},
	institution = {Citeseer},
	year = {1999},
	url = {},
	Web_data_source = {Google Scholar},
	Citation_identifier = {Johansson 1999},
	publicationStatus = {Unknown}
}
@article{ierusalimschy2005implementation,
	author = {Ierusalimschy, Roberto  and De Figueiredo, Luiz Henrique  and Celes Filho, Waldemar},
	title = {The Implementation of Lua 5.0.},
	journal = {J. UCS},
	uuid = {EA6E0801-4D11-4BCF-B9E3-DD59A1DBE298},
	volume = {11},
	number = {7},
	pages = {1159-1176},
	year = {2005},
	url = {},
	Web_data_source = {Google Scholar},
	Citation_identifier = {Ierusalimschy 2005},
	publicationStatus = {Unknown}
}
@article{ertl2003structure,
	author = {Ertl, M. Anton  and Gregg, David},
	title = {The structure and performance of efficient interpreters},
	journal = {Journal of Instruction-Level Parallelism},
	uuid = {51E0D7E9-A003-4040-AD13-8C2534347C75},
	volume = {5},
	pages = {1-25},
	year = {2003},
	url = {},
	Web_data_source = {Google Scholar},
	Citation_identifier = {Ertl 2003},
	publicationStatus = {Unknown}
}
